3434 5167
269 506 305 567 ‘28
450 508 486 561 Μ.
505 506 583 561 tullii
602 506 738 564 Ciceronis
756 466 839 561 oratiu
857 523 905 575 pro
922 506 959 561 Μ.
979 506 1105 562 Marcello
1124 524 1147 561 e.
1166 510 1216 576 113
1241 508 1257 576 ἕ
1275 509 1318 565 34.

226 690 256 733 er
270 668 308 734 de
343 670 437 733 unius
468 670 586 748 solum,
621 668 677 733 sed
706 668 744 734 de
775 670 937 733 communi
966 670 1069 734 salute
1099 670 1211 734 sentio.
1264 669 1356 749 Quod
1386 674 1498 737 autem

269 794 412 840 summae
439 776 676 840 benevolentiae
700 777 763 852 est,
792 793 872 857 quae
896 794 968 840 mea
991 794 1066 858 erga
1088 776 1180 840 illum
1203 776 1349 841 omnibus
1372 796 1499 861 semper

268 884 345 946 nota
368 881 438 959 fuit,
461 884 499 946 ut
522 882 573 946 vix
589 882 622 947 C.
638 883 799 959 Mareello,
822 882 941 965 optimo
962 884 995 946 et
1010 883 1229 947 amantissimo
1244 882 1344 962 fratri,
1366 886 1498 967 praeter

269 1007 343 1053 eum
373 988 502 1070 quidem
526 989 670 1053 cederem
692 989 828 1066 nemini,
858 1008 932 1052 eum
954 988 987 1052 id
1011 989 1238 1067 sollieitudine,
1268 1009 1358 1065 eura,
1386 990 1498 1055 lubere

268 1095 392 1159 tamdiu
415 1096 639 1177 praestiterim,
663 1096 816 1177 quamdiu
840 1097 890 1159 est
913 1095 951 1159 de
971 1096 1058 1160 illius
1074 1097 1178 1160 salute
1195 1096 1385 1174 dubitatum,
1408 1099 1495 1162 eerte

267 1201 328 1265 hoe
349 1203 490 1284 tempore
514 1202 639 1283 magnis
663 1202 762 1280 euris,
785 1202 950 1279 molestiis,
973 1201 1132 1268 doloribus
1156 1203 1308 1267 liberatus
1330 1206 1495 1286 praestare

268 1308 374 1372 debeo.
418 1308 548 1390 Itaque,
579 1308 612 1373 C.
637 1308 769 1385 Caesar,
799 1309 844 1373 sie
876 1309 935 1372 tibi
962 1309 1084 1390 gratias
1107 1328 1183 1391 ago,
1214 1312 1251 1373 ut
1275 1310 1421 1375 omuibus
1443 1328 1496 1375 me

267 1415 362 1479 rebus
386 1434 405 1479 a
428 1417 460 1478 te
483 1434 546 1478 non
571 1416 755 1479 conservato
780 1417 893 1492 solum,
917 1415 973 1479 sed
996 1416 1094 1479 etiam
1117 1418 1227 1480 ornato
1251 1418 1360 1481 tamen
1377 1416 1419 1480 ed
1436 1418 1495 1481 tua

267 1522 301 1585 in
323 1540 374 1586 me
398 1541 499 1585 unum
522 1522 769 1586 innumerabilia
791 1523 916 1599 merita,
940 1521 1022 1603 quod
1046 1521 1114 1585 fieri
1136 1523 1201 1587 iam
1223 1542 1316 1606 posse
1331 1542 1397 1587 non
1412 1521 1496 1587 arbi·

267 1628 384 1706 trabam
407 1629 565 1693 maximus
588 1630 649 1693 hoe
671 1631 728 1693 tuo
752 1629 836 1693 fanto
861 1629 1009 1693 tumulus
1033 1630 1210 1694 accesserit.

356 1867 407 1925 34.
436 1863 521 1931 Quot
542 1869 640 1922 etitem
736 1861 789 1939 est]
812 1862 891 1934 Dion,
916 1861 972 1920 den
994 1861 1101 1921 beiden
1124 1862 1226 1920 Sttzen
1248 1880 1317 1921 eum
1404 1880 1495 1939 praa·

266 1950 392 2011 etiterim
415 1951 491 2026 (hier
519 1952 611 2010 durch
637 1952 670 2009 id
691 1950 797 2009 wieder
820 1951 1055 2026 aufgenommen)
1082 1950 1144 2009 und
1165 1955 1317 2027 praestare
1338 1950 1422 2009 debeo
1448 1951 1494 2009 als

267 2039 374 2114 Objekt
396 2040 569 2114 nugehbnge
587 2040 733 2114 Satzglied
755 2040 795 2098 ist
818 2040 1097 2113 herausgenommen
1119 2041 1181 2098 und
1204 2057 1242 2097 an
1266 2039 1312 2097 die
1329 2038 1425 2113 Spitze
1443 2056 1495 2113 ge·

266 2128 347 2187 stelit
369 2130 494 2187 worden.
532 2130 586 2186 Die
609 2117 810 2202 Iibersetzung
832 2129 909 2187 mnis
933 2129 986 2186 mit
1008 2147 1077 2187 eum
1103 2128 1257 2202 „webrend
1279 2128 1329 2187 ieh
1351 2130 1417 2187 ...“
1442 2127 1495 2185 be-

266 2217 384 2291 ginnen.
408 2251 450 2260 -
474 2216 670 2275 sollieitudine
758 2217 969 2293 praestiterim]
998 2217 1108 2291 „durch
1131 2216 1352 2275 Bekdmmernis
1374 2232 1413 2275 an
1435 2214 1492 2273 den

266 2306 329 2379 Τις
344 2307 443 2380 gelegt
458 2306 566 2364 habe“.
581 2339 625 2347 —
649 2305 789 2363 mineribus
802 2305 899 2382 redae]
927 2305 976 2380 „iu
993 2305 1070 2363 allen
1085 2304 1300 2378 Beziehungeu‚
1320 2305 1404 2379 jeder
1418 2301 1494 2363 Hin-

266 2394 373 2453 siebt“.
391 2427 432 2438 —
457 2394 572 2471 ornato]
600 2394 842 2469 „auszeiehnen“.
858 2427 901 2437 —
924 2400 959 2453 eet
1052 2392 1211 2469 emerserit]
1236 2393 1300 2450 eine
1322 2393 1416 2449 Krime
1442 2391 1494 2449 des

265 2483 453 2543 Auedruekes
477 2485 548 2542 statt
570 2489 605 2542 ret
627 2484 723 2543 dicem
747 2484 817 2543 oder
838 2484 935 2559 fatear
957 2482 1111 2543 mantulum
1134 2482 1295 2540 decessisse.

471 4528 544 4570 Druck
558 4540 601 4570 ren
615 4527 728 4571 Friedrich
742 4528 839 4569 Andreae
853 4528 952 4575 Penthea,
965 4524 1195 4577 intransitionem,
1210 4522 1288 4566 dotus
