3434 5167
546 531 594 583 pm
611 514 648 568 M.
667 512 792 567 Marcello
812 529 834 566 c.
853 513 938 579 5-63
963 514 979 581 ξ
998 513 1111 567 15-18.
1407 507 1441 567 17

214 683 374 746 sertorum
395 679 570 754 hominum,
593 678 664 740 ium
687 677 784 741 etiam
800 675 900 758 ipsius
916 674 1065 738 victoriae
1082 673 1279 737 ferocitatem
1295 671 1442 736 extimes-

215 787 355 852 eentem!
401 785 472 864 Quo
501 785 621 865 gratior
650 785 707 846 tua
736 782 924 856 liberalitm,
953 778 987 844 G.
1011 778 1143 852 Caesar,
1172 778 1279 855 nobis,
1309 778 1363 859 qui
1385 777 1442 841 illa

214 894 359 969 uidimus,
383 892 477 956 debet
500 908 578 955 esse.
616 890 688 953 Non
705 890 789 953 enim
805 889 869 952 iam
886 905 1000 951 eausae
1017 888 1093 950 suni
1108 885 1191 949 inter
1207 903 1249 960 se,
1273 883 1328 947 sed
1344 884 1444 948 ueto-

213 1000 279 1064 riae
303 997 542 1082 comparandae.
579 996 730 1059 Vidimus
754 997 844 1058 inam
868 994 1033 1058 materiam
1056 992 1247 1074 proeliorum
1272 991 1358 1054 exitu
1377 991 1485 1054 ter-ir

214 1108 384 1182 minatam,
415 1104 557 1186 gladium
587 1103 702 1184 vagina
730 1120 868 1166 vaenum
896 1101 930 1163 in
958 1101 1035 1163 urbe
1064 1118 1128 1162 nun
1157 1097 1303 1162 vidimus.
1353 1095 1442 1174 Quos

215 1213 379 1276 amisimus
397 1210 490 1288 nives,
506 1229 558 1274 eos
575 1211 622 1274 vis
637 1210 751 1273 Mariis
768 1208 912 1291 perculit,
927 1226 990 1271 non
1006 1207 1054 1270 ira
1069 1205 1227 1281 uictoriae,
1243 1205 1280 1267 ni
1297 1203 1443 1268 dubitare

215 1318 330 1382 debeat
352 1335 454 1394 nemo,
479 1316 555 1397 quin
579 1317 706 1393 multos,
730 1316 758 1379 si
779 1314 847 1378 fieri
871 1315 987 1397 posset,
1011 1312 1045 1378 C.
1062 1311 1180 1377 Caesar
1203 1311 1242 1375 ab
1257 1310 1366 1374 inieris
1390 1328 1443 1374 ex·

215 1424 342 1499 citaret,
373 1424 522 1504 quoniam
547 1442 583 1487 er
608 1422 718 1486 eadem
742 1422 808 1486 acie
832 1421 1013 1497 conservat,
1039 1437 1117 1500 qnos
1140 1419 1254 1500 potest.
1300 1416 1443 1480 Alterius

215 1548 289 1593 vem
318 1529 418 1611 partis
448 1530 528 1593 nihil
551 1530 688 1612 amplius
712 1529 780 1592 dieo
805 1546 918 1609 qnam,
947 1527 980 1590 id
1004 1521 1087 1607 quod
1112 1543 1220 1589 omnes
1245 1524 1442 1601 verebamur,

215 1636 309 1699 nimis
330 1636 515 1701 iracundam
530 1635 673 1700 futuram
688 1635 786 1699 fnisse
802 1634 977 1698 victoriam.
1015 1631 1152 1710 Quidam
1170 1631 1254 1695 enim
1269 1650 1333 1694 non
1348 1629 1441 1694 mode
1455 1648 1486 1692 re

216 1743 356 1820 armatis,
380 1743 435 1807 sed
458 1743 620 1807 interdum
644 1743 741 1807 etiam
765 1741 873 1806 otiosis
896 1740 1101 1804 minabantur
1122 1757 1190 1816 nee,
1215 1737 1290 1819 quid
1307 1737 1441 1818 quisque

216 1849 376 1926 sensisset,
400 1849 455 1914 sed
471 1851 527 1913 ubi
541 1849 665 1924 fuisset,
688 1847 893 1928 cogitandum
909 1865 977 1911 esse
994 1845 1149 1923 diaebant,
1165 1847 1203 1908 ut
1218 1845 1297 1908 mihi
1314 1843 1442 1925 quidem

216 1955 384 2019 videantur
400 1955 432 2016 di
447 1955 653 2032 immortales
670 1954 795 2018 etiamsi
810 1972 927 2036 poenas
944 1972 962 2017 a
977 1954 1093 2036 populo
1104 1953 1247 2016 Romano
1264 1951 1302 2015 ob
1315 1949 1442 2031 aliquod

215 2205 353 2264 victoriae
374 2205 564 2282 ferocitatem]
588 2205 623 2264 ad
640 2209 656 2278 ἕ
674 2210 708 2266 9:
731 2206 863 2277 istoria,
887 2224 962 2282 quae
983 2211 1094 2263 antara
1116 2204 1248 2263 insolens
1270 2209 1296 2261 et
1318 2202 1443 2278 superba

216 2299 265 2352 ast.
288 2328 333 2334 --
357 2294 524 2371 liberalitas]
547 2295 608 2352 Das
623 2295 790 2352 Benehmen
814 2295 894 2353 eines
915 2294 1036 2352 Mannes
1059 2311 1117 2352 ven
1139 2295 1225 2366 guter
1249 2291 1359 2349 Gebnri
1380 2290 1442 2348 und

216 2381 296 2440 edler
309 2381 483 2456 Emiehnng,
508 2383 560 2442 das
582 2400 640 2441 von
662 2383 826 2456 Egoismus,
851 2382 1032 2455 ingelbeher
1046 2382 1241 2454 Bereehnnng
1263 2381 1325 2439 und
1347 2379 1441 2437 klein-

215 2470 312 2529 liahen
327 2471 523 2530 Iliinksiahten
540 2472 611 2529 freis
623 2472 746 2540 Wesen3
762 2471 840 2528 hier:
861 2469 1044 2543 „Edelmut“.
1070 2504 1111 2513 -
1135 2469 1250 2545 eaesae]
1268 2469 1314 2527 die
1329 2468 1442 2527 Pantei-

215 2559 332 2630 saelien,
355 2559 464 2617 welche
488 2560 617 2616 namlich
639 2575 697 2616 von
719 2558 826 2616 beiden
850 2558 897 2616 die
920 2559 1089 2631 genechiere
1112 2575 1179 2617 war.

308 2653 357 2708 17.
385 2647 517 2704 indimus
609 2646 758 2724 vidimus]
780 2647 835 2706 Die
860 2648 943 2705 Sitne
974 2648 1077 2706 slehen
1107 2647 1265 2706 ehiasiisah
1296 2647 1357 2705 und
1391 2646 1443 2703 mii

215 2736 386 2808 Asyndeion
414 2735 635 2794 adversativum.
665 2769 709 2778 -
738 2737 874 2811 abatem
896 2737 1004 2811 baninu
1026 2735 1164 2812 namium]
1189 2737 1236 2794 ein
1263 2735 1442 2809 ungewiihn-

213 2823 306 2882 lichen
328 2824 498 2896 Ausdrnek3
530 2824 576 2882 die
598 2826 708 2900 baninu
730 2825 809 2882 kann
830 2825 929 2900 qladio
951 2843 1045 2882 saeua
1067 2823 1145 2896 sein,
1175 2824 1257 2882 nieht
1280 2824 1349 2881 aber
1378 2841 1441 2880 um-

215 2912 346 2982 gelrehrt.
386 2912 445 2969 Cat.
461 2913 521 2984 1,4
545 2912 636 2969 heisst
659 2929 705 2969 es:
733 2912 883 2985 „gladium
904 2913 936 2970 in
959 2913 1066 2986 vagina
1088 2929 1147 2971 nen
1169 2913 1380 2971 recenditum“.
1396 2947 1442 2955 —

220 2998 300 3066 Orias
393 2999 539 3075 vintoniae]
569 3001 626 3057 Pro
649 2999 713 3074 Lig.
739 3006 778 3061 19
807 3001 897 3059 heilst
926 3018 972 3059 es:
1007 3001 1092 3076 „quie
1119 3018 1177 3060 non
1206 3019 1269 3060 eam
1291 3000 1441 3059 victoriam

214 3086 326 3160 prebet,
349 3087 454 3160 inqua
478 3088 615 3147 occiderit
631 3106 714 3148 neme
738 3089 795 3147 nisi
815 3093 984 3149 armatusi“
1003 3091 1065 3149 und
1081 3091 1187 3150 ebenso
1203 3108 1256 3164 pro
1272 3090 1366 3150 Daiei.
1384 3095 1441 3151 34:

218 3176 326 3249 „solus
348 3176 475 3249 inquam,
499 3195 539 3250 ea
563 3178 592 3237 (1.
609 3177 722 3249 Caesar,
746 3178 829 3236 euius
851 3180 884 3237 in
905 3180 1027 3238 ueioria
1050 3179 1186 3238 ceciderit
1208 3197 1291 3239 nemo
1315 3179 1373 3237 nisi
1395 3195 1441 3237 ar·
1557 3247 1564 3260 ι

214 3266 341 3322 maius“.
385 3265 529 3323 Vmorem
551 3269 623 3324 etati
646 3268 697 3324 des
712 3267 893 3324 Konkreium
907 3269 1034 3326 viatoris.
1050 3300 1096 3310 -
1118 3268 1262 3345 subitaret]
1286 3269 1326 3326 isi
1349 3268 1441 3325 einer-

215 3350 286 3408 seiis
309 3351 454 3409 Naahsaiz
477 3370 512 3409 zu
536 3353 600 3410 dem
623 3353 868 3426 hypotheiisahen
883 3355 1071 3414 Vordersaize
1094 3357 1123 3414 si
1144 3357 1212 3431 sieri
1228 3363 1338 3433 posset,
1363 3356 1440 3414 dann

215 3438 366 3512 abhangig
381 3457 438 3499 ven
453 3440 536 3516 quin.
551 3474 597 3482 —
618 3442 750 3500 Alterius
773 3488 819 3500 ...
842 3443 1007 3522 viatorium]
1030 3445 1162 3504 Alterius
1171 3446 1270 3521 partis
1286 3445 1390 3518 gehiiri
1406 3463 1441 3502 zu

214 3528 374 3585 mbtorabm.
412 3528 475 3585 Wir
498 3529 594 3587 haben
617 3529 682 3589 hier
704 3530 751 3589 die
773 3531 814 3589 im
828 3531 996 3592 Deuisehen
1020 3533 1204 3607 unmogliche
1220 3533 1440 3606 Werlsiellung,

215 3616 280 3674 dale
303 3616 354 3674 der
368 3617 539 3689 Hauptsaiz'
555 3618 645 3692 (nibil
666 3620 797 3696 amplius
819 3621 916 3679 dreani
939 3624 1040 3698 qaam)
1063 3623 1095 3681 in
1119 3623 1175 3680 den
1191 3622 1355 3680 Nebensalz
1380 3621 1441 3680 ein·

214 3704 378 3778 geschaltei
398 3705 451 3776 ist,
480 3707 547 3765 wir:
574 3725 649 3781 ,von
673 3709 738 3767 dem
762 3709 847 3783 Siege
872 3711 941 3769 aber
965 3711 1016 3769 der
1038 3712 1165 3769 anderen
1188 3711 1287 3769 Partei
1309 3712 1369 3769 uili
1391 3712 1441 3769 ish

214 3837 275 3865 ...,
298 3793 342 3852 als
366 3793 430 3851 daie
455 3813 485 3852 er
507 3799 588 3855 ...“.

305 3886 355 3942 18.
384 3883 520 3961 armatis]
548 3885 675 3943 niamlieh
704 3885 760 3942 den
783 3885 963 3958 Anhdngem
993 3885 1111 3956 Oasars,
1143 3888 1246 3945 otiosis
1277 3889 1332 3947 den
1360 3888 1440 3946 Neu-

212 3969 322 4041 tralen,
353 3968 399 4026 die
423 3969 487 4028 sich
510 3972 596 4044 mbig
618 3972 788 4031 verhielien.
820 4007 860 4015 —
890 3973 965 4048 qaid
986 3973 1110 4049 quisque
1132 3975 1286 4049 sensisset,
1317 3976 1442 4035 sedebi

212 4057 330 4134 fuisset]
353 4057 408 4115 Die
423 4057 589 4116 indirelrien
603 4060 775 4133 Fragesatze
800 4062 867 4119 sind
881 4061 912 4119 in
937 4062 987 4120 der
1002 4049 1202 4135 llbereetznng
1225 4064 1269 4122 ale
1292 4065 1441 4124 abstrakte

214 4145 402 4205 Substantiva
425 4147 676 4220 wiederzugeben3
706 4165 728 4208 s.
752 4168 786 4207 zu
814 4154 830 4222 θ
857 4155 906 4212 13.
952 4150 993 4208 Zn
1022 4150 1075 4208 ubi
1103 4151 1211 4226 fuisset
1239 4153 1279 4212 ist
1309 4155 1439 4214 saehlieh

213 4235 440 4294 heranznzieben
464 4237 501 4294 ad
523 4237 584 4295 Ata
608 4237 662 4309 XI,
694 4243 728 4300 6:
762 4255 880 4311 „omnes
905 4239 995 4311 enim,
1027 4239 1078 4313 qni
1100 4240 1132 4297 in
1154 4242 1241 4300 Italia
1264 4247 1438 4317 manserant,

213 4324 341 4382 hostium
363 4342 481 4384 numero
506 4326 719 4386 habebantur“.
742 4361 788 4369 -
809 4328 949 4387 sensisset
1041 4329 1161 4407 fuisset]
1184 4332 1252 4390 Man
1276 4333 1361 4392 sollte
1386 4335 1438 4394 das

211 4411 420 4486 Impertektum
454 4418 607 4487 erwarten3
643 4417 695 4475 das
724 4417 1048 4492 Plusqnamperfektnm
1082 4418 1184 4479 nimmt
1215 4421 1259 4480 die
1290 4422 1352 4480 Zeii
1387 4423 1438 4483 des
1470 4472 1473 4477 .

266 4513 360 4569 duno
374 4530 423 4567 rao
436 4514 584 4572 Mamurio.
1208 4524 1224 4577 2
