3434 5167
263 483 300 544 22
686 484 722 539 Μ.
741 483 820 538 Tullii
837 483 973 540 Ciceronis
992 484 1074 537 oratio

222 667 254 711 rr
269 646 434 712 vincienda
458 649 542 711 sunt
587 646 659 710 Non
682 645 744 710 fuit
766 646 979 711 recusandum
1001 647 1034 709 in
1058 649 1149 711 tanto
1173 647 1256 712 civili
1278 648 1378 727 belle,
1405 633 1514 716 tante*

268 753 447 817 animorum
463 753 574 817 ardore
591 755 624 817 et
640 771 810 829 armerum,
827 752 904 833 quin
921 755 1073 834 quassata
1088 753 1285 836 respublica,
1302 755 1501 838 quicumque

266 860 342 924 belli
372 862 505 924 eventus
534 859 663 937 fuisset,
693 859 796 923 multa
825 859 973 941 perderet
1003 862 1035 924 et
1062 863 1250 924 ornamenta
1272 861 1439 944 dignitatis
1463 866 1502 928 et-

264 966 425 1048 praesidia
448 966 633 1030 stabilitatis
657 984 743 1043 snae,
766 966 932 1047 multaque
954 967 1090 1047 uterque
1115 966 1178 1029 dux
1200 966 1322 1032 faceret
1342 972 1502 1048 armatusr

265 1091 348 1155 quae
382 1073 468 1137 idem
503 1075 632 1154 togatus
666 1071 735 1136 fieri
765 1072 987 1154 prohibuisset.
1039 1071 1129 1150 Quae
1164 1073 1292 1154 quidem
1321 1074 1380 1139 tibi
1409 1097 1501 1141 nunc>

265 1179 372 1244 emnia
394 1179 470 1244 belli
492 1180 625 1244 vulnera
649 1179 791 1243 sananda
814 1180 899 1256 sunt,
923 1179 1038 1261 quibus
1062 1181 1189 1261 praeter
1212 1181 1244 1244 te
1265 1180 1386 1245 mederi
1400 1200 1501 1247 nemc

221 1288 379 1368 rapotest.
435 1285 551 1368 Itaque
584 1285 674 1349 illam
709 1287 799 1349 tuam
833 1285 1121 1367 praeclarissimam
1156 1288 1190 1350 et
1224 1287 1495 1369 sapientissimam

264 1411 374 1457 vocem
409 1392 528 1456 invitus
564 1391 688 1455 audivi:
717 1379 818 1455 ‘Satis
852 1391 907 1455 diu
936 1392 987 1455 vel
1016 1395 1152 1457 naturae
1183 1393 1247 1458 vixi
1275 1393 1328 1458 rel
1356 1381 1498 1476 gloriae.''

266 1498 361 1576 Satis,
385 1500 412 1563 si
434 1499 481 1563 ita
504 1499 561 1576 vis,
584 1496 719 1561 fortasse
742 1499 887 1574 naturae,
910 1496 1026 1562 addam
1049 1499 1156 1576 etiam,
1180 1499 1208 1563 si
1230 1501 1344 1582 placet,
1368 1500 1500 1582 gloriae

264 1607 309 1683 at,
333 1604 417 1687 qued
433 1606 608 1669 marimum
624 1606 683 1680 est,
706 1603 827 1685 patriae
844 1605 929 1668 certe
944 1622 1068 1687 parum.
1108 1603 1214 1683 Quare
1230 1606 1351 1683 omitte,
1368 1625 1500 1688 quaesor

263 1711 361 1776 istam
384 1711 548 1776 doctorum
570 1711 737 1776 hominum
759 1710 793 1772 in
816 1710 1047 1774 contemnenda
1069 1712 1172 1775 morte
1195 1712 1407 1794 prudentiam,
1429 1713 1501 1778 nuli

263 1821 372 1883 nostro
396 1819 536 1901 periculo
559 1837 628 1883 esse
653 1819 787 1902 sapiens.
827 1816 928 1901 Saepe
952 1818 1036 1882 euim
1059 1817 1148 1883 venit
1171 1818 1212 1882 ad
1233 1837 1323 1883 meas
1347 1837 1441 1884 aures
1460 1822 1497 1884 te

263 1925 348 1990 idem
371 1924 459 1989 istud
480 1926 576 1989 nimis
599 1925 707 1989 crebro
732 1925 850 2002 dicere,
879 1925 937 1989 tibi
960 1925 1039 1989 satis
1063 1927 1095 1990 te
1118 1925 1242 1990 vixisse.
1288 1925 1406 2001 Crede;
1438 1927 1498 1992 sed

263 2034 334 2096 tum
363 2031 396 2094 id
424 2031 583 2109 audirem,
613 2031 640 2096 si
663 2032 722 2096 tibi
746 2033 804 2096 soli
827 2032 949 2096 viveres
974 2033 1037 2095 aud
1061 2032 1089 2096 si
1111 2032 1171 2096 tibi
1194 2032 1291 2097 etiam
1316 2033 1375 2097 scli
1396 2035 1497 2098 natus

264 2155 360 2201 esses.
412 2135 563 2201 Omnium
594 2139 732 2203 salutem
763 2139 880 2203 civium
911 2141 1124 2220 cunctamque
1152 2158 1222 2204 rem
1251 2139 1411 2222 publicam
1439 2156 1496 2201 res

354 2359 405 2415 24.
431 2355 503 2413 Nec
524 2353 586 2429 suit
607 2354 815 2432 recusandum]
840 2356 914 2413 etwa
935 2380 979 2408 =
1002 2355 1087 2414 aliter
1109 2355 1178 2431 ficri
1199 2373 1262 2414 rece
1277 2355 1379 2431 potuit
1401 2372 1495 2430 quum·

263 2448 298 2500 ut
316 2460 366 2517 „es
389 2460 448 2501 war
467 2442 726 2503 unvermeidlich“.
750 2478 794 2487 -
817 2444 851 2502 iu
945 2444 1109 2521 armorum]
1133 2444 1188 2502 Die
1203 2442 1389 2516 Prdpesiticu
1412 2442 1498 2500 steht

264 2532 432 2604 energiam,
464 2531 510 2590 die
533 2532 727 2605 Weudungeu
754 2533 821 2590 siud
849 2533 911 2592 also
940 2534 1032 2592 durch
1061 2533 1144 2591 Sa'tze
1172 2531 1423 2604 wiederzugeben:
1454 2530 1492 2588 da

265 2620 316 2678 der
337 2621 428 2694 Krieg
451 2663 513 2691 ...‚
538 2620 584 2678 die
602 2620 738 2677 Gemiter
760 2621 821 2678 und
836 2621 950 2679 Waffeu
973 2639 1005 2680 sc
1030 2622 1122 2695 hitzig
1144 2638 1249 2680 waren.
1272 2654 1316 2663 —
1341 2617 1495 2697 quassate]

263 2708 324 2766 Das
351 2709 420 2766 Bild
448 2708 489 2766 ist
517 2724 583 2766 vcm
613 2707 907 2780 sturmgepeitschten
931 2709 1037 2766 Schiffe
1068 2709 1301 2781 hergencmmen.
1331 2741 1376 2751 —
1405 2725 1498 2767 crac-

263 2803 363 2856 meatu
393 2796 559 2874 diunitctis]
593 2796 731 2871 „Zicrdcn
763 2796 857 2855 seiner
880 2796 1019 2855 Wrirde“.
1071 2795 1252 2855 macuta
1286 2796 1416 2854 ultumas
1449 2795 1500 2854 rei

263 2892 334 2946 meat
357 2906 407 2959 cu,
438 2887 546 2963 qur-ibus
573 2905 620 2945 res
643 2887 745 2962 ulique
772 2891 969 2959 acclamatur,
999 2891 1052 2944 cat
1074 2884 1183 2962 quibam
1210 2883 1355 2960 efficitur,
1385 2889 1419 2942 ut
1446 2903 1500 2942 res

265 2976 333 3034 tulis
362 2976 402 3033 sit
430 2975 528 3050 qualis
555 2994 616 3033 esse
643 2975 746 3033 debeat.
792 2975 835 3032 De
857 2974 928 3048 imp.
952 2975 1001 3033 Gn.
1025 2975 1127 3048 Pomp.
1152 2980 1169 3036 6
1201 2973 1317 3031 heiisen
1340 2973 1386 3031 die
1409 2973 1494 3032 vecte>

263 3064 361 3139 pulte:
395 3063 495 3137 „pacis
523 3063 692 3120 emamenta
720 3064 749 3119 et
776 3062 909 3120 subsidia
930 3063 1031 3120 belh“.
1063 3095 1104 3105 —
1135 3067 1271 3120 cruentas
1366 3061 1497 3138 topatus}

264 3152 418 3211 kcnhreter
440 3151 609 3223 Ausdruck‚
639 3150 686 3208 fiir
713 3150 770 3207 deu
792 3150 844 3208 wir
871 3150 1004 3208 abstrakt
1031 3167 1136 3223 sageu:
1169 3149 1227 3223 „im
1250 3149 1357 3223 Kriege
1452 3149 1497 3208 im

264 3239 418 3300 Frieden“.
462 3241 503 3299 Zu
527 3240 592 3298 dem
615 3245 750 3298 armatas
772 3240 830 3312 vgl.
854 3240 892 3297 ad
914 3239 994 3298 Fam.
1009 3239 1059 3311 Ν,
1084 3243 1112 3310 9,
1137 3243 1171 3300 3:
1199 3238 1309 3312 „multa
1333 3238 1409 3297 enim
1432 3239 1496 3296 vic·

264 3329 321 3387 teri
344 3345 442 3388 ecrum
465 3328 591 3401 arbitris,
613 3346 666 3403 per
689 3345 761 3402 quos
785 3327 863 3401 vicit,
887 3330 974 3388 etiam
995 3328 1087 3387 invite
1111 3326 1245 3386 facienda
1271 3329 1370 3386 suut“.

353 3424 404 3480 25.
429 3418 704 3494 praeclarissimam
732 3423 758 3476 et
783 3419 1038 3493 supracttssimum
1064 3416 1171 3494 uocem]
1194 3417 1260 3475 weil
1284 3415 1364 3474 eines
1386 3415 1496 3473 weiseu

263 3506 385 3564 Mannes
408 3507 520 3580 wirdig
542 3507 604 3564 und
628 3506 707 3564 cdler
728 3505 918 3578 Resignatien
942 3506 1008 3565 volt
1036 3541 1070 3550 -
1099 3507 1225 3582 fortusse
1246 3503 1382 3579 acturae]
1404 3504 1499 3561 Oasar

264 3612 323 3652 war
350 3597 409 3652 crat
437 3601 479 3656 54
503 3594 594 3653 Jahre
623 3594 678 3665 alt,
709 3594 799 3651 daher
827 3594 873 3651 die
897 3593 1142 3666 Einschranlrung
1171 3592 1264 3649 durch
1291 3592 1424 3667 fortasse.
1449 3625 1492 3635 —

264 3683 416 3741 doctorum
437 3682 606 3759 homiuum]
631 3683 681 3739 der
703 3681 875 3739 lateinische
899 3681 1054 3739 Ausdruck
1076 3681 1123 3738 ffir
1145 3678 1324 3760 φιλόσοφοι.
1366 3680 1494 3754 Nagels-

264 3772 355 3828 bach:
389 3771 456 3845 „gib
477 3770 545 3845 jeue
568 3770 806 3844 philesophische
830 3770 1106 3843 Tcdesverachtung
1129 3770 1209 3828 auf“.
1256 3769 1371 3828 Ebensc
1402 3771 1492 3828 nach-

264 3860 330 3918 her:
360 3860 424 3918 uoti
451 3879 511 3918 csse
538 3860 657 3935 sapiens
683 3859 744 3934 „sei
771 3858 839 3917 kein
862 3859 1025 3932 Philcscph
1049 3862 1127 3918 ...“.
1157 3893 1201 3901 —
1231 3858 1323 3935 caim]
1347 3859 1419 3932 geht
1441 3859 1499 3917 auf

265 3949 317 4006 das
333 3949 440 4007 omitte.
464 3981 508 3990 -
534 3950 628 4007 nimis
650 3948 756 4026 crebro]
779 3948 841 4007 alec
865 3949 948 4007 nicht
972 3948 1125 4021 einmaligc
1148 3935 1325 4022 dusscrung‚
1351 3948 1396 4006 die
1420 3947 1495 4005 viel-

264 4036 354 4095 leicht
383 4038 447 4096 dem
471 4038 613 4111 Sprecher
641 4056 696 4095 nur
724 4038 876 4097 entfahren
903 4037 964 4095 und
992 4037 1045 4094 anf
1070 4037 1117 4095 die
1146 4037 1229 4096 nicht
1252 4037 1310 4095 viel
1339 4054 1373 4093 zu
1396 4035 1490 4106 geben

264 4125 317 4197 ist,
347 4127 473 4184 scudem
497 4127 651 4184 Ausdruclr
676 4127 726 4184 der
749 4127 866 4185 wahren
887 4126 1036 4199 Meinung.
1066 4160 1111 4169 -
1141 4132 1205 4185 tum
1296 4124 1336 4199 si]
1362 4138 1436 4194 „nur
1458 4120 1490 4177 in

266 4215 330 4272 dem
346 4214 436 4287 Falla,
460 4215 525 4272 dass
549 4258 611 4286 ...‚
635 4233 691 4273 nur
710 4217 795 4274 nnter
810 4216 861 4273 der
876 4215 1062 4288 Bedingung‚
1088 4215 1152 4273 dass
1175 4217 1254 4273 ...“.
1278 4244 1319 4254 —
1343 4209 1493 4287 audirem}

268 4303 335 4377 „ich
357 4303 440 4362 liesse
466 4321 495 4361 es
520 4304 574 4361 mir
589 4304 724 4377 gafahan,
747 4304 830 4362 hesse
854 4320 885 4362 es
901 4304 1017 4377 gelten“
1039 4303 1232 4380 meterem,-
1254 4301 1417 4373 prtguaute
1433 4299 1490 4356 Be-

266 4392 396 4466 deutnng
421 4393 471 4451 des
495 4393 606 4451 audire.
629 4424 672 4434 —
696 4393 750 4450 tibi
770 4392 837 4469 soli]
862 4393 903 4451 Zu
926 4392 1111 4466 vergleichen
1132 4391 1172 4448 ist
1194 4390 1238 4448 De
1263 4388 1308 4448 eff.
1332 4389 1355 4460 1,
1380 4394 1408 4460 7,
1434 4394 1495 4449 22t

269 4483 321 4554 „ut
350 4481 497 4554 praeclare
527 4482 666 4556 scriptum
694 4483 738 4540 est
765 4481 943 4553 afflatore,
974 4498 1032 4540 ncn
1061 4479 1145 4539 nobis
1175 4479 1269 4538 selum
1299 4477 1361 4536 nati
1391 4494 1496 4535 sumus
