3434 5167
299 504 334 564 18
717 506 754 561 bl.
773 505 852 560 Tullii
871 505 1007 562 Ciceronis
1026 507 1107 561 oratio

298 667 451 732 delictum
474 668 702 750 expetiverunt,
726 669 781 749 qui
804 669 894 733 civile
918 669 1038 733 bellum
1062 671 1191 733 tantum
1214 670 1247 733 et
1261 672 1329 734 tam
1345 671 1530 738 luctuosum

298 775 530 852 excitaverunt,
557 775 609 838 rel
638 775 756 858 placati
789 776 855 839 iam
886 776 936 839 rel
960 775 1069 839 satiati
1092 776 1263 857 aliqnando
1287 795 1414 842 omnem
1438 798 1529 862 spem

298 881 411 944 1111111
436 881 477 944 ((1
501 882 704 946 clementiam
728 882 855 946 victoris
880 884 912 946 (1
935 882 1127 964 sapientiam
1149 883 1329 947 contulisse.

256 1005 287 1045 11
387 986 493 1066 Quare
517 988 620 1070 gaude
644 990 700 1052 tuo
723 989 784 1052 istc
808 991 877 1052 tam
901 989 1067 1052 excellenti
1089 988 1171 1053 bono
1195 992 1228 1053 et
1251 989 1356 1053 fruere
1375 991 1529 1056 (1111111-

297 1094 376 1156 tuna
400 1096 433 1157 et
455 1094 564 1175 gloria,
587 1096 658 1158 tum
682 1093 780 1158 etiam
803 1096 920 1158 natura
944 1097 977 1158 et
999 1095 1142 1159 moribus
1165 1096 1240 1173 tuis,
1265 1114 1302 1159 ex
1319 1114 1380 1176 quo
1397 1098 1529 1178 quidem

296 1200 454 1264 maximus
478 1203 528 1265 (11
546 1200 670 1265 fructus
685 1200 931 1282 iucunditasque
947 1202 1093 1284 sapienti.
1132 1201 1246 1267 Cetera
1262 1220 1336 1266 curn
1351 1204 1409 1267 tua
1423 1223 1530 1269 recor-

298 1303 421 1383 dabere,
445 1307 506 1370 etsi
524 1325 675 1391 persaepe
691 1307 812 1385 virtuti,
835 1309 945 1371 tamen
960 1308 1149 1390 plerumque
1165 1308 1310 1372 felicitati
1325 1310 1400 1374 tuae
1416 1313 1490 1392 grat
1513 1347 1529 1359 -

296 1412 419 1486 labere;
451 1413 489 1477 de
519 1415 626 1490 nobis,
657 1433 736 1494 quos
766 1414 799 1477 11
828 1432 862 1478 re
893 1414 1020 1496 publica
1043 1416 1151 1479 tecum
1175 1415 1272 1478 simul
1296 1433 1365 1479 esso
1389 1417 1530 1494 voluisti,

298 1518 443 1598 quotiens
475 1519 642 1601 cogitabis,
673 1519 790 1583 totiens
819 1518 858 1583 do
882 1519 1028 1583 maximis
1052 1520 1117 1584 tuis
1140 1520 1315 1596 beneficiis,
1348 1521 1463 1586 totiens
1489 1523 1529 1588 de

296 1623 473 1689 incredibili
494 1625 695 1704 liberalitate,
718 1626 834 1690 totiens
851 1625 890 1690 do
907 1626 1062 1708 singulari
1078 1627 1234 1709 sapientia
1249 1629 1419 1709 cogitabis,
1445 1648 1528 1710 quae

296 1748 360 1793 non
393 1732 487 1796 modo
523 1752 650 1797 summa
680 1734 775 1810 bona,
811 1732 866 1797 sed
897 1733 1049 1797 nimirum
1080 1733 1201 1798 audebo
1232 1735 1284 1798 vel
1315 1736 1383 1798 sola
1413 1735 1527 1801 dicere.

296 1835 419 1901 Tantus
450 1841 500 1902 est
531 1841 616 1903 enim
646 1839 794 1922 splendor
823 1840 857 1903 in
887 1840 982 1904 laude
1011 1859 1101 1917 vera,
1133 1842 1225 1904 tanta
1247 1841 1281 1903 in
1303 1842 1527 1922 magnitudine

297 1944 395 2007 animi
418 1948 451 2008 et
475 1947 596 2010 consilii
619 1946 767 2028 dignitas,
790 1949 828 2010 ut
851 1947 931 2011 haec
954 1947 1117 2011 aVirtute
1140 1946 1266 2024 donata,
1290 1949 1529 2013 (1111111111-

253 2050 376 2112 nctuna
400 2053 599 2117 commodata
622 2072 691 2117 esse
715 2052 893 2117 rideantur.
929 2053 1004 2116 Noli
1026 2053 1125 2135 igitur
1146 2053 1180 2116 in
1196 2054 1418 2118 conservandis
1434 2055 1528 2120 bonis

296 2155 372 2220 viris
407 2157 589 2240 defetigari,
624 2178 687 2222 non
721 2159 894 2242 cupiditate
924 2160 1113 2241 praesertim
1143 2159 1251 2241 aliqua
1281 2162 1337 2223 aut
1365 2161 1526 2242 pravitate

298 2374 503 2448 Sprechenden
526 2375 570 2432 als
588 2373 849 2449 Ausgangspunlrt
874 2409 915 2418 -
940 2374 1004 2451 qui]
1028 2375 1214 2434 erkldrendor
1235 2375 1424 2435 Relativsatn:
1452 2377 1526 2450 ,da-

298 2463 398 2535 durch,
422 2463 486 2522 dass
510 2464 552 2522 11(
575 2466 654 2523 ...“.
678 2497 723 2507 —
749 2463 922 2541 aliquando]
950 2464 1116 2538 ,endlioh“.
1141 2498 1181 2507 -
1213 2464 1380 2542 contulisse]
1403 2465 1451 2522 An
1474 2465 1525 2524 die

296 2551 448 2611 eunucu
469 2553 588 2612 autoris
610 2558 637 2612 (1
657 2553 804 2629 scprbutr'c
827 2552 899 2611 wird
921 2569 978 2612 von
1002 2553 1059 2612 dan
1082 2554 1203 2613 Gottern
1232 2553 1278 2612 die
1300 2552 1525 2628 Entscheidung

294 2640 367 2698 ibor
390 2639 459 2699 Scin
482 2642 543 2699 und
558 2640 712 2699 Nichtsain
734 2640 913 2713 vcssscandig
935 2641 998 2698 und
1020 2641 1184 2714 unbedingt
1205 2642 1452 2716 ribertragen,
1475 2641 1525 2700 ihr

295 2729 618 2804 anboimgastellt

387 2824 435 2879 19.
459 2818 545 2896 boue]
569 2817 729 2893 eigontlich
754 2816 863 2892 „Gut“,
885 2816 949 2875 bier
971 2815 1133 2890 ,Vorzug“,
1156 2814 1285 2872 ndmlich
1307 2815 1474 2875 clamautriaa
1497 2825 1528 2877 ct

294 2907 465 2982 scpuutica,
487 2908 600 2966 worauf
620 2908 677 2966 isto
700 2906 842 2965 hinwoist
874 2940 915 2948 —
945 2904 1054 2981 fruare]
1078 2904 1155 2963 Idruc'
1175 2903 1216 2962 ist
1242 2903 1430 2978 ,genieisen“
1457 2921 1526 2981 nur,

294 3011 337 3054 wo
365 3012 423 3053 von
454 2995 547 3053 (11(11
571 2995 723 3066 (lewinne,
755 2995 848 3053 einem
870 2995 1012 3068 Bahagen
1040 2993 1102 3052 und
1132 2992 1212 3051 einer
1234 2992 1444 3066 Batriedigung
1475 2994 1525 3054 (11(

294 3083 373 3142 Reda
388 3084 443 3142 ist:
466 3084 570 3143 frchcn
586 3082 706 3153 Genuls,
721 3082 937 3155 Wohlgefallen
959 3081 1057 3140 haben
1080 3099 1126 3153 an,
1149 3081 1202 3138 mit
1216 3081 1289 3138 Lust
1304 3081 1465 3154 ganielsen.
1477 3116 1521 3126 -

293 3173 418 3247 futuras
440 3177 466 3231 (1
479 3172 585 3248 paru]
610 3188 667 3231 von
690 3171 794 3229 aulsen
809 3169 1041 3241 herantretenda,
1064 3174 1175 3228 actura
1197 3174 1224 3227 (1
1245 3187 1342 3228 mores
1357 3169 1444 3244 (Herc
1460 3173 1525 3230 und

294 3260 463 3336 Charakter)
492 3260 653 3320 innarliche
676 3259 781 3334 Dingo.
813 3293 856 3304 -
888 3259 1005 3336 fructus
1033 3256 1271 3334 amendatusque]
1299 3257 1429 3332 „Ganuls
1458 3260 1523 3318 und

293 3349 396 3409 Lust“.
419 3383 464 3393 -
491 3351 553 3428 tuo]
577 3348 707 3408 namlich
729 3350 816 3424 fucta
839 3383 882 3392 -
906 3347 1052 3425 salutiola]
1075 3347 1135 3406 Das
1160 3346 1253 3405 Glr'iolr
1276 3347 1319 3406 als
1344 3348 1390 3406 die
1412 3347 1523 3422 Rigon-

293 3439 390 3497 scbaft
412 3439 492 3498 eines
506 3440 674 3511 Menschen,
699 3438 755 3496 den
777 3438 829 3496 das
845 3436 998 3496 Schicksal
1012 3436 1170 3496 besonders
1186 3436 1365 3510 beginstigt
1388 3469 1432 3478 -
1455 3436 1524 3511 sall-

292 3527 376 3586 utcu
397 3533 464 3586 luca
477 3527 669 3604 gratulabara]
692 3526 769 3584 Wir:
796 3526 855 3599 ,du
870 3525 951 3584 wirst
967 3525 1013 3584 dir
1028 3543 1062 3584 zu
1085 3527 1164 3596 ...“;
1190 3524 1236 3582 die
1251 3523 1424 3582 lateinischa
1439 3525 1523 3584 Kon-

292 3616 435 3674 strulrtion
452 3617 491 3674 ist
506 3617 627 3675 straffer.
657 3615 772 3674 Ebenso
785 3615 833 3673 bei
844 3614 960 3673 1111111(
971 3613 1081 3688 gloriae
1093 3619 1159 3672 tuac
1174 3612 1261 3686 ,dich
1276 3630 1326 3670 um
1341 3614 1415 3685 ...“;
1432 3615 1449 3686 ἓ
1464 3619 1523 3674 22:

292 3722 455 3779 augeamus
477 3705 676 3780 susputouam
692 3709 783 3761 tuam.
807 3737 851 3746 —
874 3721 995 3761 summu
1017 3703 1093 3761 berra
1185 3701 1421 3777 1(11(1(1]1’(1(1
1443 3703 1522 3762 nach

293 3792 344 3850 der
366 3793 458 3852 Lehre
490 3793 541 3850 der
562 3791 790 3866 Peripatetiker,
821 3792 873 3849 das
900 3792 1017 3850 letztere
1046 3791 1121 3849 nach
1150 3791 1201 3849 der
1229 3790 1280 3848 dar
1309 3789 1436 3860 scallor,
1466 3808 1520 3865 pro

292 3880 386 3940 Deiot.
411 3886 467 3943 37:
502 3898 595 3956 ,quae
619 3881 766 3959 (virtutes)
790 3897 889 3940 omnes
914 3879 991 3938 docti
1014 3882 1100 3952 atque
1129 3878 1274 3953 sapientes
1299 3895 1423 3952 summa,
1455 3879 1521 3952 qui·

292 3969 359 4027 dam
375 3970 437 4029 sola
453 3969 540 4028 etiarn
554 3970 632 4028 bona
648 3987 711 4029 esse
728 3970 894 4029 dixernnt“.
916 4001 961 4012 —
983 3968 1142 4044 nimirum]
1162 3968 1257 4042 ,ohne
1273 3967 1462 4027 Badenken“.
1476 4000 1518 4009 —

291 4076 311 4116 o
346 4058 457 4118 Virtute
571 4059 765 4135 commodato]
804 4057 993 4133 ,Geschanka
1030 4057 1080 4116 der
1114 4057 1251 4133 Tugend,
1285 4057 1431 4115 Darleban
1465 4050 1517 4110 das

291 4145 447 4206 Glickes“.
485 4148 560 4207 Jene
583 4147 698 4207 worden
720 4148 821 4207 immer
842 4147 991 4219 behalten,
1015 4146 1094 4206 diosc
1117 4148 1234 4206 kbnnon
1255 4144 1360 4202 wieder
1382 4139 1517 4214 abgefor-

293 4235 358 4294 dart
379 4238 502 4297 werden.
1251 4246 1252 4249 ’

382 4330 432 4387 20.
454 4327 526 4385 Noli
540 4326 634 4401 igitur
727 4325 892 4403 defatigare]
908 4326 948 4384 Es
964 4326 1021 4399 gab
1039 4325 1112 4383 eben
1127 4322 1201 4380 noch
1217 4318 1300 4390 vicie,
1318 4317 1412 4376 denen
1429 4317 1519 4378 (iasar

290 4415 366 4473 noch
382 4414 464 4472 nicht
474 4416 627 4474 varziehen
642 4416 736 4486 hatta;
753 4414 851 4474 Cicero
868 4415 979 4489 spricht
990 4431 1047 4472 von
1062 4410 1182 4470 solchen
1197 4406 1518 4483 1111111137.-

289 4503 457 4582 oupidc'tota]
475 4505 546 4563 (1111
561 4529 605 4558 =
620 4504 720 4564 studio
729 4503 868 4582 portium
889 4498 1158 4578 ,Partcilichkeit“;
1176 4498 1323 4577 1111111111(
1342 4496 1517 4573 ,Verkehrt-
